@Article{Greff2016,
	author    = {Klaus Greff and Rupesh K. Srivastava and Jan Koutník and Bas R. Steunebrink and J{\"u}rgen Schmidhuber},
	journal   = {IEEE transactions on neural networks and learning systems},
	title     = {LSTM: A search space odyssey},
	year      = {2016},
	number    = {10},
	pages     = {2222--2232},
	volume    = {28},
	groups    = {All entries, mestrado},
	publisher = {IEEE},
}

@Monography{Mourao2019,
	author = {{Icaro de} Sena Mourao},
	groups = {All entries, mestrado},
	school = {Universidade Federal do Ceará},
	title  = {Predição de séries temporais climáticas com aprendizagem profunda},
	year   = {2019},
}

@Book{Vasconcellos2000,
	author    = {Marco Antonio Sandoval Vasconcellos},
	publisher = {São Paulo: Editora Atlas},
	title     = {Manual de econometria},
	year      = {2000},
	edition   = {First},
	groups    = {All entries, mestrado},
}

@InProceedings{Goossens1986,
	author    = {C. Goossens and André Berger},
	booktitle = {Annales Geophysicae},
	title     = {Annual and seasonal climatic variations over the northern hemisphere and Europe during the last century},
	year      = {1986},
	number    = {4},
	pages     = {385--400},
	volume    = {4},
	groups    = {All entries, mestrado},
}

@Monography{Pereira2017,
	author = {{Matheus de} Mattos Pereira},
	groups = {All entries, mestrado},
	school = {Universidade Federal da Grande Dourados},
	title  = {Aprendizado profundo: Redes LSTM},
	year   = {2017},
}

@InProceedings{Teixeira2019,
	author    = {Ricardo Teixeira and {Diego da} Silva and {Harold de} Mello-Junior and Leonardo Forero and Antonio Lima and Karla Figueiredo},
	booktitle = {Anais do 14 Congresso Brasileiro de Inteligência Computacional},
	title     = {Previsão de séries temporais de velocidade do vento utilizando redes neurais artificiais e métodos estatísticos na região de Arraial do Cabo-RJ},
	year      = {2019},
	pages     = {1-7},
	publisher = {ABRICOM},
	groups    = {All entries, mestrado},
}


@InProceedings{Ghaderi2017,
	author    = {Amir Ghaderi and Borhan M. Sanandaji and Faezeh Ghaderi},
	booktitle = {The 34th International Conference on Machine Learning (ICML), Time series Workshop},
	title     = {Deep forecast: Deep learning-based spatio-temporal forecasting},
	year      = {2017},
	groups    = {All entries, mestrado},
}


@InProceedings{Grover2015,
	author    = {Grover, Aditya and Kapoor, Ashish and Horvitz, Eric},
	booktitle = {Proceedings of the 21th ACM SIGKDD international conference on knowledge discovery and data mining},
	title     = {A deep hybrid model for weather forecasting},
	year      = {2015},
	pages     = {379--386},
	groups    = {All entries, mestrado},
}


@Book{Box1970,
	author    = {George E.P. Box and Gwilym M. Jenkins and Gregory C. Reinsel and Greta M. Ljung},
	publisher = {Wiley},
	title     = {Time series analysis: forecasting and control},
	year      = {2016},
	edition   = {Fifth},
	groups    = {All entries, mestrado},
}


@Article{Babai2013,
	author    = {Mohamed Ziad Babai and Mohammad Mojiballah Ali and John E. Boylan and Aris A. Syntetos},
	journal   = {International Journal of Production Economics},
	title     = {Forecasting and inventory performance in a two-stage supply chain with ARIMA (0, 1, 1) demand: Theory and empirical analysis},
	year      = {2013},
	number    = {2},
	pages     = {463--471},
	volume    = {143},
	groups    = {All entries, mestrado},
	publisher = {Elsevier},
}


@Article{Sampaio2014,
	author  = {Gilvan Sampaio and {Pedro Leite da} Silva Dias},
	journal = {Revista USP},
	title   = {Evolução dos modelos climáticos e de previsão de tempo e clima},
	year    = {2014},
	number  = {103},
	pages   = {41--54},
	groups  = {All entries, mestrado},
}


@Article{leite1997energia,
	author  = {LEITE, Ant{\^o}nio Dias},
	journal = {Nova Fronteira},
	title   = {A Energia do Brasil”: Rio de Janeiro},
	year    = {1997},
	groups  = {All entries, mestrado},
}


@InProceedings{Mendes2017,
	author    = {Ian Araujo Mendes and Rafael Augusto Dias Rezende and Thiago Henrique Ferreira and Juliana Segtowick Fonseca e Silva Nascimento and Orlando Fonseca Silva},
	booktitle = {Congresso Técnico Científico da Engenharia e da Agronomia. Belém-PA},
	title     = {A utilização das redes neurais artificiais na previsão de radiação solar global},
	year      = {2017},
	groups    = {All entries, mestrado},
}


@InProceedings{Santos2013,
	author    = {{Alexandre Silva dos} Santos and Overland Amaral Costa},
	booktitle = {Anais XVI Simpósio Brasileiro de Sensoriamento Remoto - SBSR},
	title     = {Sistema de recepção de dados do satélite meteosat-9 na secretaria de meio ambiente e recursos hídricos--SERGIPE: Implementação e aplicações},
	year      = {2013},
	groups    = {All entries, mestrado},
}

@Book{Berger1993,
	author    = {James O. Berger},
	publisher = {Springer},
	title     = {Statistical decision theory and bayesian analysis},
	year      = {1993},
	edition   = {Third},
	groups    = {All entries, mestrado},
}

@Article{Yu2019,
	author    = {Yong Yu and Xiaosheng Si and Changhua Hu and Jianxun Zhang},
	journal   = {Neural computation},
	title     = {A review of recurrent neural networks: LSTM cells and network architectures},
	year      = {2019},
	number    = {7},
	pages     = {1235--1270},
	volume    = {31},
	groups    = {All entries, mestrado},
	publisher = {MIT Press},
}

@Article{Chen2007,
	author    = {Kuan-Yu Chen and Cheng-Hua Wang},
	journal   = {Expert Systems with Applications},
	title     = {A hybrid SARIMA and support vector machines in forecasting the production values of the machinery industry in Taiwan},
	year      = {2007},
	number    = {1},
	pages     = {254--264},
	volume    = {32},
	groups    = {All entries, mestrado},
	publisher = {Elsevier},
}

@Article{Mehdi2010,
	author    = {Khashei Mehdi and Bijari Mehdi},
	journal   = {Expert Systems with applications},
	title     = {An artificial neural network (p, d, q) model for timeseries forecasting},
	year      = {2010},
	number    = {1},
	pages     = {479--489},
	volume    = {37},
	groups    = {All entries, mestrado},
	publisher = {Elsevier},
}

@Article{Greff2016,
	author    = {Klaus Greff and Rupesh K. Srivastava and Jan Koutník and Bas R. Steunebrink and J{\"u}rgen Schmidhuber},
	journal   = {IEEE transactions on neural networks and learning systems},
	title     = {LSTM: A search space odyssey},
	year      = {2016},
	number    = {10},
	pages     = {2222--2232},
	volume    = {28},
	groups    = {All entries, mestrado},
	publisher = {IEEE},
}

@Book{Chatfield2003,
	author    = {Chris Chatfield},
	publisher = {Chapman and hall/CRC},
	title     = {The analysis of time series: an introduction},
	year      = {2003},
	groups    = {All entries, mestrado},
}


@Book{Goodfellow2016,
	author    = {Ian Goodfellow and Yoshua Bengio and Aaron Courville},
	publisher = {MIT press},
	title     = {Deep learning},
	year      = {2016},
	groups    = {All entries, mestrado},
}

@Book{Silverman1998,
	author    = {Bernard W. Silverman},
	publisher = {Routledge},
	title     = {Density estimation for statistics and data analysis},
	year      = {1998},
	edition   = {First},
	groups    = {All entries, mestrado},
}

@Book{Morettin2018,
	author    = {Pedro A. Morettin and Clélia M. C. Toloi},
	publisher = {Editora Blucher},
	title     = {Análise de séries temporais: modelos lineares univariados},
	year      = {2018},
	edition   = {Third},
	volume    = {1},
	groups    = {All entries, mestrado},
}

@Article{Tan2018,
	author    = {Jen Hong Tan and Yuki Hagiwara and Winnie Pang and Ivy Lim and Shu Lih Oh and Muhammad Adam and Ru San Tan and Ming Chen and U. Rajendra Acharya},
	journal   = {Computers in biology and medicine},
	title     = {Application of stacked convolutional and long short-term memory network for accurate identification of CAD ECG signals},
	year      = {2018},
	pages     = {19--26},
	volume    = {94},
	groups    = {All entries, mestrado},
	publisher = {Elsevier},
}

@Article{Yildirim2018,
	author    = {{\"O}zal Y{\i}ld{\i}r{\i}m and Pawe{\l} P{\l}awiak and Ru-San Tan and U. Rajendra Acharya},
	journal   = {Computers in biology and medicine},
	title     = {Arrhythmia detection using deep convolutional neural network with long duration ECG signals},
	year      = {2018},
	pages     = {411--420},
	volume    = {102},
	groups    = {All entries, mestrado},
	publisher = {Elsevier},
}

@Article{Escobar2007,
	author    = {Gustavo Carlos Juan Escobar},
	journal   = {Revista Brasileira de Meteorologia},
	title     = {Padrões sinóticos associados a ondas de frio na cidade de São Paulo},
	year      = {2007},
	pages     = {241--254},
	volume    = {22},
	groups    = {All entries, mestrado},
	publisher = {SciELO Brasil},
}


@Book{Maddala2003,
	author    = {G. S. Maddala},
	publisher = {Rio de Janeiro: LTC},
	title     = {Introdução à econometria},
	year      = {2003},
	edition   = {Third},
	groups    = {All entries, mestrado},
}


@MastersThesis{Pereira2020,
	author    = {Rafael Pereira},
	school    = {Instituto Federal do Espírito Santo},
	title     = {Identificação de fibrilação atrial em registros eletrocardiograma utilizando redes neurais recorrentes do tipo long short-term memory},
	year      = {2020},
	groups    = {All entries, mestrado},
	publisher = {Biblioteca Nilo Peçanha do Instituto Federal do Espírito Santo},
}

@Article{Rasmus2019,
	author    = {Andersen S. Rasmus and Abdolrahman Peimankar and Sadasivan Puthusserypady},
	journal   = {Expert Syst. Appl.},
	title     = {A deep learning approach for real-time detection of atrial fibrillation},
	year      = {2019},
	pages     = {465--473},
	volume    = {115},
	groups    = {All entries, mestrado},
	publisher = {Elsevier},
}


@Manual{Epe2018,
	title        = {Projetos fotovoltaicos nos leilões de energia: Características dos empreendimentos participantes nos leilões de 2013 a 2018.},
	author       = {EPE},
	organization = {Empresa de pesquisa energética},
	year         = {2018},
	groups       = {All entries, mestrado},
	howpublished = {Disponível em: \url{https://www.epe.gov.br/sites-pt/publicacoes-dados-abertos/publicacoes/PublicacoesArquivos/publicacao-110/topico-418/EPE-DEE-NT-091_2018-r0.pdf}. Acesso em: 12 abril 2022},
}


@Manual{Ren2018,
	title        = {Renewables 2018 global status report. A comprehensiveannual overview of the state of renewable energy},
	author       = {REN21},
	organization = {Renewable energy policy network for the 21st century},
	year         = {2018},
	groups       = {All entries, mestrado},
	institution  = {Ren21},
}


@Article{Fernandes1996,
	author  = {Luiz Gustavo L. Fernandes and Marcelo Savino Portugal and Philippe O. A. Navaux},
	journal = {Pesquisa e Planejamento Econômico},
	title   = {Previsão de séries de tempo: redes neurais artificiais e modelos estruturais},
	year    = {1996},
	number  = {2},
	pages   = {253--276},
	volume  = {26},
	groups  = {All entries, mestrado},
}


@Article{Caloba2002,
	author    = {Guilherme Marques Calôba and Luiz Pereira Calôba and Eduardo Saliby},
	journal   = {Pesquisa Operacional},
	title     = {Cooperação entre redes neurais artificiais e técnicas clássicas para previsão de demanda de uma série de vendas de cerveja na austrália},
	year      = {2002},
	pages     = {345--358},
	volume    = {22},
	groups    = {All entries, mestrado},
	publisher = {SciELO Brasil},
}

@Article{TorresJr2005,
	author  = {Rubião G. Torres-Jr and Maria Augusta Soares Machado and Reinaldo Castro Souza},
	journal = {Engevista},
	title   = {Previsão de séries temporais de falhas em manutenção industrial usando redes neurais},
	year    = {2005},
	groups  = {All entries, mestrado},
}

@Article{Oliveira2010,
	author    = {{Anderson Castro Soares de} Oliveira and {Ademária Aparecida de} Souza and Wilian Soares Lacerda and Luciene Resende Gonçalves},
	journal   = {Ciência e Agrotecnologia},
	title     = {Aplicação de redes neurais artificiais na previsão da produção de álcool},
	year      = {2010},
	pages     = {279--284},
	volume    = {34},
	groups    = {All entries, mestrado},
	publisher = {SciELO Brasil},
}

@Article{Rosenblatt1958,
	author    = {Frank Rosenblatt},
	journal   = {Psychological review},
	title     = {The perceptron: a probabilistic model for information storage and organization in the brain},
	year      = {1958},
	number    = {6},
	pages     = {386--408},
	volume    = {65},
	groups    = {All entries, mestrado},
	publisher = {American Psychological Association},
}

@Article{Haykin1994,
	author    = {Simon Haykin and Richard Lippmann},
	journal   = {International journal of neural systems},
	title     = {Neural networks, a comprehensive foundation},
	year      = {1994},
	number    = {4},
	pages     = {363--364},
	volume    = {5},
	groups    = {All entries, mestrado},
	publisher = {Singapore; Teaneck, NJ: World Scientific, c1989-},
}

@Book{,
	author    = {Simon Haykin},
	publisher = {Bookman Editora},
	title     = {Redes neurais: princípios e prática},
	year      = {2007},
	edition   = {Second},
	groups    = {All entries, mestrado},
}

@Book{Trippi1995,
	author    = {Robert R. Trippi and Efraim Turban},
	publisher = {McGraw-Hill, Inc.},
	title     = {Neural networks in finance and investing: Using artificial intelligence to improve real world performance},
	year      = {1995},
	address   = {USA},
	edition   = {Second},
	groups    = {All entries, mestrado},
}

@Book{Silva2014,
	author    = {{Ennio Peres da} Silva},
	publisher = {Editora Livraria da Física},
	title     = {Fontes renováveis de energia - produção de energia para um desenvolvimento sustentável},
	year      = {2014},
	groups    = {All entries, mestrado},
}

@Book{Gilmore1998,
	author    = {Robert Gilmore},
	publisher = {Zahar},
	title     = {Alice no país do quantum - a física quântica ao alcance de todos},
	year      = {1998},
	edition   = {First},
	groups    = {All entries, mestrado},
	journal   = {Rio de Janeiro: Jorge Zahar},
}

@Book{Haykin1999,
	author    = {Simon Haykin},
	publisher = {Pearson Prentice Hall},
	title     = {Neural networks - a comprehensive foundation},
	year      = {1999},
	edition   = {Second},
	groups    = {All entries, mestrado},
}

@InProceedings{Seabold_statsmodels2010,
	author    = {Skipper Seabold and Josef Perktold},
	booktitle = {9th Python in Science Conference},
	title     = {statsmodels: Econometric and statistical modeling with python},
	year      = {2010},
	groups    = {mestrado},
	url       = {https://www.statsmodels.org/stable/index.html},
}

@Article{D_Agostino1971,
	author    = {d'Agostino, Ralph B},
	journal   = {Biometrika},
	title     = {An omnibus test of normality for moderate and large size samples},
	year      = {1971},
	number    = {2},
	pages     = {341--348},
	volume    = {58},
	groups    = {mestrado},
	publisher = {Oxford University Press},
}

@Article{d_AgostinoPerson1973,
	author    = {D'Agostino, Ralph and Pearson, Egon S},
	journal   = {Biometrika},
	title     = {Tests for departure from normality. Empirical results for the distributions of b 2 and√ b},
	year      = {1973},
	number    = {3},
	pages     = {613--622},
	volume    = {60},
	groups    = {mestrado},
	publisher = {Oxford University Press},
}


@article{Abl:45,
	author={B.C. Able},
	title={The examination of cell nuclei},
	journal={Birches. J.},
	year={1945},
	volume={35},
	pages={123--126},
}

@article{Abl:56,
	author={B.C. Able},
	title={Nucleic acid content of microscope},
	journal={Nature},
	year={1956},
	volume={135},
	pages={7--9},
}

@incollection{AbTaRu:54,
	author={B.C. Able and R.A. Tagg and M. Rush},
	title={Enzyme-catalyzed cellular transanimations},
	pages={125--247},
	editor={A.F. Round},
	publisher={Academic  Press},
	year={1954},
	volume={2},
	booktitle={Advances in Enzymology},
	address={New York},
	edition={3rd},
}

@book{Bak:63a,
	author={R.C. Baker},
	title={Microscopic Staining Techniques},
	publisher={Butterworths},
	year={1963},
	address={London},
}

@article{Bak:63b,
	author={R.C. Baker},
	title={Methods of preparing thin-section slides},
	journal={J. Brit. Med. Assoc.},
	year={1963},
	volume={34},
	pages={184--186},
}

@book{Heritage:92,
      editor={A. H. Soukhanov},
	title="{The American Heritage. Dictionary of the American Language}",
	publisher={Houghton Mifflin Company},
	year={1992},

}

@article{ChaRou:66,
	author={F.H. Charlie and M.B. Routh},
	title={The Chemical Destination of Toxins},
	journal={J. Am. Chem. Soc.},
	year={1966},
	volume={66},
	pages={267--269},
}

@incollection{Dog:58,
	author={P.R. Dog},
	title={},
	booktitle={Chemical Carcinogenesis},
	publisher={Chapman \& Hall},
	year={1958},
	editor={R.W. Brown},
	chapter={7},
	volume={II},
	pages={56--98},
	address={London},
}

@book{Keo:58,
	author={R. Keohane},
	title={Power and Interdependence: World Politics in Transitions},
	publisher={Little, Brown \& Co.},
	year={1958},
	address={Boston},
}

@article{Pow:85,
	author={T. Powers},
	title={Is there a way out?},
	journal={Harpers},
	year={1985},
	pages={35--47},
	month=jun,
}


@misc{Sol:89,
	author={Solo},
	year={1989},
}
